@book{RN686,
   author = {Moler, Cleve B.},
   title = {MATLAB数值计算},
   publisher = {北京航空航天大学出版社},
   address = {北京},
   ISBN = {978-7-5124-1546-1},
   year = {2015},
   type = {Book}
}

@book{RN731,
   author = {Gautschi, Walter},
   title = {Numerical Analysis},
   address = {London},
   edition = {2nd},
   ISBN = {978-0-8176-8258-3},
   year = {2012},
   type = {Book}
}

@book{RN724,
   author = {Suli, Endre and Mayers, David F.},
   title = {An Introduction to Numerical Analysis},
   publisher = {Cambridge University Press},
   address = {Cambridge},
   ISBN = {978-0-511-07653-4},
   year = {2003},
   type = {Book}
}
